<?xml version="1.0" encoding="UTF-8"?><record xmlns="http://www.loc.gov/MARC21/slim" xmlns:cinclude="http://apache.org/cocoon/include/1.0" xmlns:zs="http://www.loc.gov/zing/srw/">
  <leader>00463nz  a2200121n  4500</leader>
  <controlfield tag="001">n  83229986 </controlfield>
  <controlfield tag="003">DLC</controlfield>
  <controlfield tag="005">19840913150918.2</controlfield>
  <controlfield tag="008">840111n| acannaab|          |n aaa ||| c</controlfield>
  <datafield tag="010" ind1=" " ind2=" ">
    <subfield code="a">n  83229986 </subfield>
  </datafield>
  <datafield tag="040" ind1=" " ind2=" ">
    <subfield code="a">DGPO</subfield>
    <subfield code="c">DLC</subfield>
  </datafield>
  <datafield tag="100" ind1="1" ind2="0">
    <subfield code="a">Jouthoofd, Jamet M.</subfield>
  </datafield>
  <datafield tag="670" ind1=" " ind2=" ">
    <subfield code="a">Niehus, D.C. Survey of private sector provision of operation and maintenance services to publicly owned treatment works, 1982:</subfield>
    <subfield code="b">t.p. (Jamet M. Jouthoofd, Municipal Environ. Res. Lab., USEPA, Cincinnati, OH)</subfield>
  </datafield>
</record>